@software{AxboeFlexibleIOTester2022,
  author = {Axboe, Jens},
  title  = {{Flexible I/O Tester}},
  url    = {https://github.com/axboe/fio},
  year   = {2022}
}

@inproceedings{papagiannis2020optimizing,
  title     = {Optimizing Memory-mapped I/O for Fast Storage Devices},
  author    = {Papagiannis, Anastasios and Xanthakis, Giorgos and Saloustros, Giorgos and Marazakis, Manolis and Bilas, Angelos},
  booktitle = {2020 USENIX Annual Technical Conference (USENIX ATC 20)},
  pages     = {813--827},
  year      = {2020}
}
